@MISC{what_is_python:1,
	HOWPUBLISHED = "\url{https://www.python.org/doc/essays/blurb/}",
	AUTHOR = {\relax Python Software Foundation},
	TITLE = {What is Python? Executive Summary}
}

@MISC{python_history:1,
	HOWPUBLISHED = "\url{https://docs.python.org/3/license.html}",
	AUTHOR = {\relax Python Software Foundation},
	TITLE = {History and License}
}

@MISC{scipy:1,
	HOWPUBLISHED = "\url{https://www.scipy.org/}",
	AUTHOR = {\relax SciPy developers},
	TITLE = {SciPy}
}

@MISC{scipylib:1,
	HOWPUBLISHED = "\url{https://www.scipy.org/scipylib/index.html}",
	AUTHOR = {\relax SciPy developers},
	TITLE = {SciPy library}
}

@MISC{scipy_license:1,
	HOWPUBLISHED = "\url{https://www.scipy.org/scipylib/license.html}",
	AUTHOR = {\relax SciPy developers},
	TITLE = {SciPy License}
}

@MISC{numpy:1,
	HOWPUBLISHED = "\url{https://numpy.org/}",
	AUTHOR = {\relax NumPy developers},
	TITLE = {NumPy}
}

@MISC{numpy_license:1,
	HOWPUBLISHED = "\url{https://numpy.org/license.html}",
	AUTHOR = {\relax NumPy developers},
	TITLE = {NumPy License}
}

@MISC{Qt_for_Python:1,
	HOWPUBLISHED = "\url{https://wiki.qt.io/Qt_for_Python}",
	AUTHOR = {\relax Qt},
	TITLE = {Qt for Python}
}