@MISC{matlab_history:1,
	HOWPUBLISHED = "\url{https://it.mathworks.com/company/newsletters/articles/a-brief-history-of-matlab.html}",
	AUTHOR = {\relax Cleve Moler, MathWorks},
	TITLE = {A Brief History of MATLAB},
	YEAR = "2018"
}

@MISC{matlab_what_is:1,
	HOWPUBLISHED = "\url{https://it.mathworks.com/discovery/what-is-matlab.html}",
	AUTHOR = {\relax The MathWorks Inc.},
	TITLE = {What is MATLAB?}
}

@MISC{matlab_it:1,
	HOWPUBLISHED = "\url{https://it.mathworks.com/products/matlab.html}",
	AUTHOR = {\relax The MathWorks Inc.},
	TITLE = {MATLAB}
}

@MISC{octave_about:1,
	HOWPUBLISHED = "\url{https://www.gnu.org/software/octave/about.html}",
	AUTHOR = {\relax John W. Eaton},
	TITLE = {About}
}

@MISC{gnu_gpl:1,
	HOWPUBLISHED = "\url{https://www.gnu.org/licenses/gpl-3.0.html}",
	AUTHOR = {\relax Free Software Foundation Inc.},
	TITLE = {About},
    YEAR = "2016"
}

@MISC{freemat:1,
	HOWPUBLISHED = "\url{https://www.gnu.org/licenses/gpl-3.0.html}",
	AUTHOR = {\relax Free Software Foundation Inc.},
	TITLE = {About},
    YEAR = "2016"
}

@ARTICLE{matlab_octave_scilab_comp:1,
    AUTHOR={Eliana S. de Almeida; Antonio C. Medeiros; Alejandro C. Frery},
    TITLE="How good are MatLab, Octave and Scilab for computational modelling?",
    JOURNAL="Laboratório de Computação Científica e Análise Numérica (LaCCAN) Centro de Pesquisas em Matemática Computacional (CPMAT) Universidade Federal de Alagoas BR 104 Norte Km 97, 57072-970 Maceió, AL, Brazil",
    YEAR="2012",
}

@MISC{scilab:1,
	HOWPUBLISHED = "\url{https://www.scilab.org/about}",
	AUTHOR = {\relax ESI Group 2020},
	TITLE = {www.scilab.org}
}

@MISC{what_is_python:1,
	HOWPUBLISHED = "\url{https://www.python.org/doc/essays/blurb/}",
	AUTHOR = {\relax Python Software Foundation},
	TITLE = {What is Python? Executive Summary}
}

@MISC{python_history:1,
	HOWPUBLISHED = "\url{https://docs.python.org/3/license.html}",
	AUTHOR = {\relax Python Software Foundation},
	TITLE = {History and License}
}

@MISC{scipy:1,
	HOWPUBLISHED = "\url{https://www.scipy.org/}",
	AUTHOR = {\relax SciPy developers},
	TITLE = {SciPy}
}

@MISC{scipy_license:1,
	HOWPUBLISHED = "\url{https://www.scipy.org/scipylib/license.html}",
	AUTHOR = {\relax SciPy developers},
	TITLE = {SciPy License}
}

@MISC{numpy:1,
	HOWPUBLISHED = "\url{https://numpy.org/}",
	AUTHOR = {\relax NumPy developers},
	TITLE = {NumPy}
}

@MISC{numpy_license:1,
	HOWPUBLISHED = "\url{https://numpy.org/license.html}",
	AUTHOR = {\relax NumPy developers},
	TITLE = {NumPy License}
}

@INBOOK{quarteroni2006scientific,
  title={Scientific computing with MATLAB and Octave},
  author={Quarteroni, Alfio and Saleri, Fausto and Gervasio, Paola},
  volume={2},
  pages={154-155},
  year={2006},
  publisher={Springer}
}